1835 2781
161 191 469 248 Benedidtus
494 190 800 246 BarizelluS.
1088 226 1091 229 -
1528 199 1626 250 218

163 267 467 321 Benedidtus
493 266 784 339 Syluaticus
811 262 1048 318 Medicus
1077 264 1414 320 Clariffimus.
1524 289 1634 337 214

165 342 471 395 Benedistus
494 343 686 394 Bouius
715 337 1094 411 Metaphyficus
1122 340 1394 396 Celeberr.
1529 349 1590 398 28
1609 369 1627 402 1

165 416 473 470 Benedistus
496 414 561 468 de
588 413 906 468 Benediffls.
1525 438 1589 490 33
1606 445 1632 477 2

168 489 518 544 Bernardinus
541 487 1188 552 Sc'a1-de0nius‚Patauinus
1206 491 1527 554 Canonicus,

241 568 293 617 ὃς
311 563 610 616 Ηίίὶοτίευε.
630 562 796 616 Annis
823 582 947 615 xxx
961 582 1010 616 v.
1053 564 1105 616 S.
1128 565 1431 635 Virginibus
1451 570 1519 622 D.

243 637 494 711 Stephani
514 637 782 691 noxiarum
794 638 1028 708 expiator
1042 638 1230 691 extitit.
1271 637 1520 715 Antiqui-

237 729 374 767 tates
399 713 512 764 Pat.
529 712 740 784 collegit
755 753 766 764 .
811 712 978 764 Senex
999 710 1161 781 obijt.
1203 711 1525 786 Sepeliturin

242 782 461 842 Ecclesia
486 787 554 838 D.
585 785 852 857 Stephani.
890 788 1073 857 Imago
1096 826 1115 846 ,
1146 787 1513 861 Epitaphium,

243 879 302 915 ac
319 864 491 929 Opera
509 857 733 914 eiusdem
748 899 764 912 .
1534 888 1591 940 13
1606 889 1632 923 2

164 933 811 990 BERNARDINVS
853 935 1383 995 TOMITANVS
1423 944 1521 997 Pa..

245 1010 451 1064 tauinus
478 1006 852 1080 Philosophus,
877 1010 1145 1074 Medicus,
1172 1016 1393 1078 Orator,
1419 1021 1519 1091 Q

242 1083 679 1156 Poeta.Logicam
694 1085 1055 1156 interpretatur
1070 1086 1120 1136 in
1135 1086 1344 1157 publico
1359 1091 1526 1162 Gym-

237 1156 399 1212 nafio.
438 1159 575 1211 Petit
590 1158 909 1212 Cathedram
925 1156 1286 1231 Philosophiae,
1301 1165 1402 1234 qua
1417 1184 1523 1218 non

243 1231 493 1296 obtenta,
518 1229 568 1285 se
591 1231 618 1285 a
639 1232 827 1285 lectura
857 1232 1062 1303 Logicae
1088 1245 1323 1288 amouet.
1367 1238 1524 1310 Sepe..

237 1307 361 1360 litut
384 1308 434 1359 in
454 1307 520 1360 D.
538 1303 1014 1380 Francisci.Effigies
1029 1307 1157 1372 eius,
1173 1309 1525 1383 Epitaphium,

245 1383 577 1445 Stemma,&
607 1386 806 1454 Opera.
1287 1392 1370 1451 65.
1391 1393 1477 1442 68.
1495 1393 1546 1442 δε
1565 1396 1632 1456 69

170 1457 462 1511 Bernardus
485 1457 817 1528 Nauagerius
832 1499 846 1508 .
1566 1484 1635 1535 74

167 1529 817 1587 BERNARDINVS
859 1530 1366 1586 TRIVISANVS
1409 1537 1521 1589 Pat.

244 1604 754 1676 Medicus.Logicam
782 1605 1210 1675 interpretaturin
1239 1606 1522 1663 Academia

244 1679 566 1734 Salernitana
583 1683 631 1731 ὃς
651 1680 896 1732 Patauina
913 1718 926 1729 .
957 1680 1092 1733 Inibi
1110 1681 1450 1751 Simplicium,
1466 1703 1525 1739 ac

243 1755 515 1808 Medicinae
542 1753 860 1808 Cathedram
887 1755 1090 1807 obtinet
1115 1794 1129 1807 .
1173 1753 1348 1810 Rebus
1373 1755 1525 1811 fami-

242 1828 458 1882 liaribus
485 1829 763 1900 implicitus
787 1829 915 1881 nihil
942 1829 1134 1883 edidit.
1189 1829 1430 1900 Sepultus
1454 1834 1524 1886 est

247 1907 299 1958 in
318 1903 641 1974 D.Stephani
658 1903 926 1966 ,laudatus
939 1904 967 1956 a
983 1903 1305 1958 Riccobono.
1392 1927 1411 1960 1
1424 1925 1450 1974 3
1463 1925 1510 1974 3.
1533 1930 1634 1982 134

168 1977 811 2035 BERNARDINVS
854 1979 1318 2034 PATERNVS
1372 1980 1520 2034 Salo..

244 2053 432 2107 diensis
456 2053 721 2105 Medicus·
760 2052 966 2106 Medica
994 2052 1336 2106 Theoi-emata
1363 2057 1520 2124 varijs

246 2130 300 2181 in
326 2129 454 2181 locis
477 2125 740 2180 defendit.
783 2128 840 2178 In
870 2124 1053 2180 Pisano
1079 2124 1380 2198 Gymnafio,
1399 2147 1520 2183 mox

247 2204 301 2256 in
343 2203 526 2271 Monte
570 2201 750 2272 Regali
788 2240 805 2265 ,
841 2203 1018 2253 Turini
1056 2202 1261 2253 demum
1305 2202 1524 2257 Medici-

246 2295 366 2331 nam
380 2275 550 2328 docet.
595 2277 770 2328 Romae
785 2277 919 2346 apud
938 2276 1195 2327 Marinum
1214 2276 1520 2332 Grimanum

247 2352 394 2422 degit
409 2387 422 2400 .
475 2351 695 2402 Creatur
723 2347 1025 2404 Veronensis
1058 2351 1208 2404 Ciuis
1225 2388 1238 2401 .
1283 2353 1340 2402 In
1370 2353 1521 2405 Pata-

246 2424 559 2497 uinoLyceo
575 2423 835 2478 Theoricae
850 2423 1122 2552 Medicina&
1138 2424 1390 2550 docende}
1399 2444 1520 2495 prae-

1028 2501 1068 2552 B
1137 2498 1168 2552 b
1397 2500 1525 2554 citur
1539 2544 1550 2556 .
