1835 2781
599 156 770 226 Muti.
790 162 905 224 Vir.
928 159 1139 250 Elegia.
1471 190 1497 244 3
1523 167 1596 237 9⁵1
1645 201 1653 228 -.

369 300 726 401 Sisteqttaeso
758 307 1084 374 Viator,ac
1113 302 1362 396 perlege.

191 438 1001 514 NICOL'AVS
1097 404 1623 519 ODDvs³

227 549 518 646 Oliiietanae
558 587 1004 662 Congregationis
1041 583 1229 643 Abbas
1269 591 1321 643 &
1346 591 1536 646 Parcns

554 711 558 714 .
712 664 798 718 hic
812 662 934 718 litus
956 661 1046 716 est.

187 736 376 796 Nobili
411 753 602 810 genere
639 753 784 797 ortus
823 735 994 792 adhuc
1027 734 1327 792 adolescens
1348 754 1579 795 terrenas

296 829 426 886 opes
462 808 717 876 deseruit,
739 827 795 867 vt
835 809 885 866 se
924 811 1114 865 ditaret
1151 811 1458 867 coelestibus-

462 887 514 942 C
516 884 622 941 ons
625 886 700 940 lio
739 884 840 940 fuit
877 883 1071 957 semper
1112 884 1310 952 Senex,

604 961 908 1015 Innocentia
947 958 1146 1014 infans.

151 1030 531 1091 Monachotum
545 1033 765 1088 Senatus
776 1035 1052 1107 praecipuas
1066 1033 1351 1106 dignitates
1363 1035 1592 1090 contulit
1596 1054 1611 1086 ι

526 1107 790 1180 Sapientia
829 1109 997 1180 magis
1035 1107 1232 1161 extulit.

338 1170 676 1256 Splendidam
718 1183 922 1236 Natura
956 1180 1180 1234 mentem
1220 1182 1444 1247 indidit,

489 1254 796 1327 Splendiora
838 1256 1016 1310 Virtus
1056 1253 1249 1309 edidit.

324 1319 618 1421 Patauino
603 1347 665 1381 m
682 1328 948 1384 Coenobio
971 1325 1103 1381 Mus
1087 1346 1129 1382 s
1155 1327 1445 1385 Delubrum

473 1402 718 1465 Summa
745 1421 859 1458 cum
889 1403 1053 1476 gloria
1081 1404 1272 1459 erexit.

230 1441 556 1560 Torquatum
597 1473 800 1532 Tassum
840 1478 1110 1531 Diuinum
1131 1477 1275 1530 illum
1314 1478 1531 1532 Poetam

312 1551 407 1606 cui
434 1549 648 1612 intimus
673 1546 818 1612 fuit,
858 1568 888 1602 e
943 1547 1196 1603 saeuientis
1233 1546 1452 1609 foetunae

443 1653 446 1656 <
499 1621 739 1677 manibus
779 1622 1044 1679 moltoties
1081 1623 1307 1696 eripuit.

236 1700 427 1784 Verum
469 1702 492 1764 (
530 1696 687 1750 eheu.
726 1699 750 1763 )
792 1711 991 1751 tantum
1017 1696 1171 1751 hunc
1184 1697 1360 1773 vitum
1392 1697 1547 1754 amici

552 1769 1045 1825 collathrimantes
1021 1788 1050 1823 a
1074 1785 1263 1826 morte

602 1861 794 1916 eripere
831 1844 1203 1916 nequiuerunt.

355 1916 514 1991 Qod
538 1933 709 1973 tamen
737 1918 813 1971 illi
847 1917 1217 1990 periucundum
1243 1918 1436 1983 extitit,

374 1993 434 2048 Si
455 1990 668 2065 quidem
694 1991 936 2046 mortales
959 1992 1168 2064 reliquit
1179 2008 1421 2057 exumaS,

554 2082 611 2119 vt
634 2065 954 2128 immortales,
974 2066 1234 2120 indueret.

487 2139 1306 2207 VIATOR

362 2229 640 2284 Tumulum
679 2228 940 2282 lachrimis
978 2227 1197 2292 decora,
1222 2229 1275 2281 &
1310 2224 1449 2282 disce

321 2302 605 2358 Libitinam
630 2300 765 2374 poffe
803 2301 1015 2374 quidem
1039 2300 1201 2354 vitam
1225 2300 1483 2373 adimere,

360 2395 468 2432 non
495 2391 665 2431 autem
691 2375 989 2447 acquisitam
1013 2374 1220 2430 Virtute
1243 2372 1464 2429 famam.

283 2458 366 2511 Sic
375 2457 525 2505 amico
536 2456 703 2524 optimo
715 2450 913 2504 lacobus
938 2449 1188 2521 Pighettus
1209 2451 1544 2522 Bergomenst's

345 2528 441 2603 ipsi
466 2529 544 2582 die
556 2525 708 2583 obttus
722 2524 916 2602 moestz'ss.
932 2528 1111 2582 calamo
1125 2524 1417 2600 parentabat
1429 2563 1444 2578 .
